<record xmlns="http://www.loc.gov/MARC21/slim" xmlns:xsi="http://www.w3.org/2001/XMLSchema-instance" xsi:schemaLocation="http://www.loc.gov/MARC21/slim http://www.loc.gov/standards/marcxml/schema/MARC21slim.xsd"><leader>01728nam a2200373   4500</leader><controlfield tag="001">3146337</controlfield><controlfield tag="003">NIC</controlfield><controlfield tag="006">m        d        </controlfield><controlfield tag="007">cr cn |||m|||a</controlfield><controlfield tag="008">150222s195u    le      o     000 0 ara d</controlfield><datafield ind1=" " ind2=" " tag="040"><subfield code="a">NNU</subfield><subfield code="b">eng</subfield><subfield code="e">rda</subfield><subfield code="c">NNU</subfield></datafield><datafield ind1="1" ind2=" " tag="041"><subfield code="a">ara</subfield><subfield code="h">eng</subfield></datafield><datafield ind1="1" ind2=" " tag="100"><subfield code="6">880-01</subfield><subfield code="a">Gibran, Kahlil,</subfield><subfield code="d">1883-1931.</subfield></datafield><datafield ind1="1" ind2="0" tag="240"><subfield code="a">Sand and foam.</subfield><subfield code="l">Arabic</subfield></datafield><datafield ind1="1" ind2="0" tag="245"><subfield code="6">880-02</subfield><subfield code="a">Raml wa-zabad wa-al-mu&#772;si&#772;qa&#769;</subfield><subfield code="h">[microform] /</subfield><subfield code="c">Jubra&#772;n Khali&#772;l Jubra&#772;n ; &#699;arrabahu Ant&#803;u&#772;niyu&#772;s Bashi&#772;r.</subfield></datafield><datafield ind1=" " ind2=" " tag="260"><subfield code="6">880-03</subfield><subfield code="a">[Bayru&#772;t] :</subfield><subfield code="b">Maktabat al-Andalus,</subfield><subfield code="c">[195-?]</subfield></datafield><datafield ind1=" " ind2=" " tag="300"><subfield code="a">online resource (62 pages)</subfield></datafield><datafield ind1=" " ind2=" " tag="336"><subfield code="a">text</subfield><subfield code="2">rdacontent</subfield></datafield><datafield ind1=" " ind2=" " tag="337"><subfield code="a">computer</subfield><subfield code="2">rdamedia</subfield></datafield><datafield ind1=" " ind2=" " tag="338"><subfield code="a">online resource</subfield><subfield code="2">rdacarrier</subfield></datafield><datafield ind1=" " ind2=" " tag="500"><subfield code="a">Translation of: Sand and foam.</subfield></datafield><datafield ind1=" " ind2=" " tag="500"><subfield code="a">Part of the Arabic Collections Online (ACO) project, contributed by Cornell University Libraries.</subfield></datafield><datafield ind1=" " ind2=" " tag="533"><subfield code="a">Electronic reproduction.</subfield><subfield code="b">New York, N.Y. :</subfield><subfield code="c">New York University,</subfield><subfield code="d">2015.</subfield><subfield code="5">NNU</subfield></datafield><datafield ind1="1" ind2=" " tag="700"><subfield code="6">880-04</subfield><subfield code="a">Bashi&#772;r, Ant&#803;u&#772;niyu&#772;s.</subfield></datafield><datafield ind1="2" ind2=" " tag="710"><subfield code="a">Cornell University.</subfield><subfield code="b">Libraries.</subfield></datafield><datafield ind1="0" ind2=" " tag="730"><subfield code="a">Arabic Collections Online.</subfield></datafield><datafield ind1="0" ind2="8" tag="776"><subfield code="i">Print version:</subfield><subfield code="a">Gibran, Kahlil, 1883-1931.</subfield><subfield code="t">Raml wa-zabad wa-al-mu&#772;si&#772;qa&#769;</subfield><subfield code="w">(NIC)3146337</subfield><subfield code="w">(OCoLC)25583557</subfield></datafield><datafield ind1="4" ind2="0" tag="856"><subfield code="u">http://hdl.handle.net/2333.1/xpnvx2w2</subfield></datafield><datafield ind1="1" ind2=" " tag="880"><subfield code="6">100-01/r</subfield><subfield code="a">&#1580;&#1576;&#1585;&#1575;&#1606;&#1548; &#1582;&#1604;&#1610;&#1604;&#1548;</subfield><subfield code="d">1883-1931</subfield></datafield><datafield ind1="1" ind2="0" tag="880"><subfield code="6">245-02/r</subfield><subfield code="a">&#1585;&#1605;&#1604; &#1608;&#1586;&#1576;&#1583; &#1608;&#1575;&#1604;&#1605;&#1608;&#1587;&#1610;&#1602;&#1609;</subfield><subfield code="h">[&#1605;&#1585;&#1601;&#1585;&#1605;] /</subfield><subfield code="c">&#1580;&#1576;&#1585;&#1575;&#1606; &#1582;&#1604;&#1610;&#1604; &#1580;&#1576;&#1585;&#1575;&#1606; &#1563; &#1593;&#1585;&#1576;&#1607; &#1575;&#1606;&#1591;&#1608;&#1606;&#1610;&#1608;&#1587; &#1576;&#1588;&#1610;&#1585;.</subfield></datafield><datafield ind1=" " ind2=" " tag="880"><subfield code="6">260-03/r</subfield><subfield code="a">[&#1576;&#1610;&#1585;&#1608;&#1578;] :</subfield><subfield code="b">&#1605;&#1603;&#1578;&#1576;&#1577; &#1575;&#1604;&#1575;&#1606;&#1583;&#1604;&#1587;&#1548;</subfield><subfield code="c">[195-?]</subfield></datafield><datafield ind1="1" ind2=" " tag="880"><subfield code="6">700-04/r</subfield><subfield code="a">&#1576;&#1588;&#1610;&#1585;&#1548; &#1575;&#1606;&#1591;&#1608;&#1606;&#1610;&#1608;&#1587;.</subfield></datafield><datafield ind1=" " ind2=" " tag="959"><subfield code="a">NNU</subfield><subfield code="b">WEB</subfield><subfield code="c">GENI</subfield><subfield code="t">0</subfield><subfield code="m">Electronic access</subfield><subfield code="s">01</subfield></datafield><datafield ind1=" " ind2=" " tag="999"><subfield code="i">NIC_3146337</subfield><subfield code="o">(OCoLC)ocm25583557</subfield><subfield code="s">cornell_aco000132</subfield></datafield></record>